
@Article{DH:1,
  author = 	 {E. H. Dowell and K. C. Hall},
  title = 	 {Modeling of fluid-structure interaction},
  journal = 	 {Annu. Rev. Fluid Mech.},
  year = 	 {2001},
  OPTkey = 	 {},
  volume = 	 {33},
  OPTnumber = 	 {},
  pages = 	 {445-490},
  OPTmonth = 	 {},
  OPTnote = 	 {},
  OPTannote = 	 {}
}


@InProceedings{DY:1,
  author = 	 {A. Ducoin and Y. L. Young},
  title = 	 {Hydroelastic response and stability of a hydrofoil
                  in viscous flow},
  OPTcrossref =  {},
  OPTkey = 	 {},
  booktitle = {2nd Int. Symp. on Marine Propulsors},
  OPTpages = 	 {},
  year = 	 {2011},
  OPTeditor = 	 {},
  OPTvolume = 	 {},
  OPTnumber = 	 {},
  OPTseries = 	 {},
  address = 	 {Hamburg, Germany},
  month = 	 {June},
  OPTorganization = {},
  OPTpublisher = {},
  OPTnote = 	 {},
  OPTannote = 	 {}
}
